@web_page{seclists,
   title = {GitHub - danielmiessler/SecLists: SecLists is the security tester's companion. It's a collection of multiple types of lists used during security assessments, collected in one place. List types include usernames, passwords, URLs, sensitive data patterns, fuzzing payloads, web shells, and many more.},
   url = {https://github.com/danielmiessler/SecLists},
}
@web_page{anew,
   title = {GitHub - tomnomnom/anew: A tool for adding new lines to files, skipping duplicates},
   url = {https://github.com/tomnomnom/anew},
}
@web_page{wireshark,
   title = {Wireshark Â· Go Deep.},
   url = {https://www.wireshark.org/},
}
@web_page{nmap,
   title = {Nmap: the Network Mapper - Free Security Scanner},
   url = {https://nmap.org/},
}
@web_page{gobuster,
   title = {GitHub - OJ/gobuster: Directory/File, DNS and VHost busting tool written in Go},
   url = {https://github.com/OJ/gobuster},
}
@web_page{gunicorn,
   title = {Gunicorn - Python WSGI HTTP Server for UNIX},
   url = {https://gunicorn.org/},
}
@web_page{openssh,
   title = {OpenSSH},
   url = {https://www.openssh.com/},
}
@web_page{vsftpd,
   title = {vsftpd - Secure, fast FTP server for UNIX-like systems},
   url = {https://security.appspot.com/vsftpd.html},
}
@web_page{cap,
   title = {Hack The Box :: Cap},
   url = {https://app.hackthebox.eu/machines/Cap},
}
@web_page{peas,
   title = {GitHub - carlospolop/PEASS-ng: PEASS - Privilege Escalation Awesome Scripts SUITE (with colors)},
   url = {https://github.com/carlospolop/PEASS-ng},
}
